% This file was created with Citavi 6.1.0.0

@proceedings{.1215Dec.2005,
 year = {12-15 Dec. 2005},
 title = {Proceedings of the 44th IEEE Conference on Decision and Control},
 publisher = {IEEE},
 isbn = {0-7803-9567-0}
}


@proceedings{.17.09.200720.09.2007,
 year = {17.09.2007 - 20.09.2007},
 title = {SICE Annual Conference 2007},
 publisher = {IEEE},
 isbn = {978-4-907764-27-2}
}


@book{.1995,
 year = {1995},
 title = {Railw Res Rev}
}


@book{.2008,
 year = {2008},
 title = {Forschung f{\"u}r das Auto von Morgen: Aus Tradition entsteht Zukunft},
 address = {Berlin, Heidelberg},
 publisher = {{Springer Berlin Heidelberg}},
 isbn = {978-3-540-74150-3},
 series = {SpringerLink B{\"u}cher},
 doi = {10.1007/978-3-540-74151-0},
 file = {http://swbplus.bsz-bw.de/bsz267882386cov.jpg},
 file = {http://swbplus.bsz-bw.de/bsz267882386inh.htm},
 file = {http://swbplus.bsz-bw.de/bsz267882386kap.htm}
}


@proceedings{.30.03.200902.04.2009,
 year = {30.03.2009 - 02.04.2009},
 title = {2009 IEEE Workshop on Computational Intelligence in Vehicles and Vehicular Systems},
 publisher = {IEEE},
 isbn = {978-1-4244-2770-3}
}


@incollection{Abendroth.2012,
 author = {Abendroth, Bettina and Bruder, Ralph},
 title = {Die Leistungsf{\"a}higkeit des Menschen f{\"u}r die Fahrzeugf{\"u}hrung},
 pages = {4--14},
 volume = {32},
 publisher = {{Vieweg+Teubner Verlag}},
 isbn = {978-3-8348-1457-9},
 editor = {Winner, Hermann and Hakuli, Stephan and Wolf, Gabriele},
 booktitle = {Handbuch Fahrerassistenzsysteme},
 year = {2012},
 address = {Wiesbaden},
 doi = {10.1007/978-3-8348-8619-4{\textunderscore }2}
}


@book{Adamy.2009,
 author = {Adamy, J{\"u}rgen},
 year = {2009},
 title = {Nichtlineare Regelungen},
 address = {Berlin, Heidelberg},
 publisher = {{Springer Berlin Heidelberg}},
 isbn = {978-3-642-00793-4},
 doi = {10.1007/978-3-642-00794-1}
}


@misc{AgoraVerkehrswende.082020,
 author = {{Agora Verkehrswende}},
 date = {08/2020},
 title = {Die Automatisierung des Automobils und ihre Folgen: Chancen und Risiken selbstfahrender Fahrzeuge f{\"u}r nachhaltige Mobilit{\"a}t}
}


@book{Ascher.1995,
 year = {1995},
 title = {Numerical Solution of Boundary Value Problems for Ordinary Differential Equations},
 publisher = {{Society for Industrial and Applied Mathematics}},
 isbn = {978-0-89871-354-1},
 editor = {Ascher, Uri M. and Mattheij, Robert M. M. and Russell, Robert D.},
 doi = {10.1137/1.9781611971231}
}


@incollection{Ascher.1995c4,
 author = {Ascher, Uri M. and Mattheij, Robert M. M. and Russell, Robert D.},
 title = {4. Initial Value Methods},
 pages = {132--184},
 publisher = {{Society for Industrial and Applied Mathematics}},
 isbn = {978-0-89871-354-1},
 editor = {Ascher, Uri M. and Mattheij, Robert M. M. and Russell, Robert D.},
 booktitle = {Numerical Solution of Boundary Value Problems for Ordinary Differential Equations},
 year = {1995},
 doi = {10.1137/1.9781611971231.ch4}
}


@incollection{Ascher.1995c5,
 author = {Ascher, Uri M. and Mattheij, Robert M. M. and Russell, Robert D.},
 title = {5. Finite Difference Methods},
 pages = {185--274},
 publisher = {{Society for Industrial and Applied Mathematics}},
 isbn = {978-0-89871-354-1},
 editor = {Ascher, Uri M. and Mattheij, Robert M. M. and Russell, Robert D.},
 booktitle = {Numerical Solution of Boundary Value Problems for Ordinary Differential Equations},
 year = {1995},
 doi = {10.1137/1.9781611971231.ch5}
}


@misc{auto.de.2011,
 author = {auto.de},
 year = {2011},
 title = {ADAC vergleicht Wendekreis von rund 500 Fahrzeugen},
 url = {https://www.auto.de/magazin/adac-vergleicht-wendekreis-von-rund-500-fahrzeugen/#}
}


@article{Bellem.2016,
 author = {Bellem, Hanna and Sch{\"o}nenberg, Thorben and Krems, Josef F. and Schrauf, Michael},
 year = {2016},
 title = {Objective metrics of comfort: Developing a driving style for highly automated vehicles},
 pages = {45--54},
 volume = {41},
 number = {6},
 issn = {13698478},
 journal = {Transportation Research Part F: Traffic Psychology and Behaviour},
 doi = {10.1016/j.trf.2016.05.005}
}


@article{Bellman.1952,
 author = {Bellman, R.},
 year = {1952},
 title = {On the Theory of Dynamic Programming},
 pages = {716--719},
 volume = {38},
 number = {8},
 issn = {0027-8424},
 journal = {Proceedings of the National Academy of Sciences of the United States of America},
 doi = {10.1073/pnas.38.8.716},
 file = {http://www.ncbi.nlm.nih.gov/pubmed/16589166},
 file = {https://www.ncbi.nlm.nih.gov/pmc/articles/PMC1063639}
}


@book{Bellman.1984,
 author = {Bellman, Richard},
 year = {1984},
 title = {Dynamic programming},
 address = {Princeton, NJ},
 publisher = {{Princeton Univ. Pr}},
 isbn = {0-691-07951-X}
}


@book{Bengler.2017,
 year = {2017},
 title = {11. Workshop Fahrerassistenzsysteme und Automatisiertes Fahren: FAS 2017 : 29. M{\"a}rz bis 31. M{\"a}rz 2017 : Hotel Moierhof, Walting im Altm{\"u}hltal},
 url = {https://www.uni-das.de/images/pdf/fas-workshop/2017/FAS2017_Tagungsband.pdf},
 address = {Darmstadt},
 publisher = {{Uni-DAS e.V}},
 isbn = {978-3-00-055656-2},
 editor = {Bengler, Klaus}
}


@incollection{Benson.2002,
 author = {Benson, Alan J.},
 title = {Motion Sickness},
 pages = {1048--1083},
 booktitle = {Medical Aspects of Harsh Environments Volume 2},
 year = {2002},
 address = {Washington,DC,20307}
}


@article{Betts.1998,
 author = {Betts, John T.},
 year = {1998},
 title = {Survey of Numerical Methods for Trajectory Optimization},
 pages = {193--207},
 volume = {21},
 number = {2},
 issn = {0731-5090},
 journal = {Journal of Guidance, Control, and Dynamics},
 doi = {10.2514/2.4231}
}


@book{BordenInstituteWalterReedArmyMedical.2002,
 year = {2002},
 title = {Medical Aspects of Harsh Environments Volume 2},
 address = {Washington,DC,20307}
}


@incollection{Brost.2020,
 author = {Brost, Mascha and Deniz, {\"O}zcan and {\"O}sterle, Ines and Ulrich, Christian and Senzeybek, Murat and Hahn, Robert and Schmid, Stephan},
 title = {Energy Consumption of Connected and Automated Vehicles},
 pages = {1--24},
 volume = {2},
 publisher = {{Springer New York}},
 isbn = {978-1-4939-2493-6},
 editor = {Meyers, Robert A.},
 booktitle = {Encyclopedia of Sustainability Science and Technology},
 year = {2020},
 address = {New York, NY},
 doi = {10.1007/978-1-4939-2493-6{\textunderscore }1098-1}
}


@inproceedings{CanudasdeWit.2005,
 author = {Canudas-de-Wit, C.},
 title = {Fun-To-Drive By Feedback},
 pages = {13},
 publisher = {IEEE},
 isbn = {0-7803-9567-0},
 booktitle = {Proceedings of the 44th IEEE Conference on Decision and Control},
 year = {12-15 Dec. 2005},
 doi = {10.1109/CDC.2005.1582110},
 file = {http://ieeexplore.ieee.org/document/1582110}
}


@article{Cash.1980,
 author = {Cash, J. R. and Moore, D. R.},
 year = {1980},
 title = {A high order method for the numerical solution of two-point boundary value problems},
 pages = {44--52},
 volume = {20},
 number = {1},
 issn = {0006-3835},
 journal = {BIT},
 doi = {10.1007/BF01933584}
}


@incollection{Cervantes.2009,
 author = {Cervantes, Arturo and Biegler, L. T.},
 title = {Optimization Strategies for Dynamic Systems},
 pages = {2847--2858},
 publisher = {{Springer US}},
 isbn = {978-0-387-74758-3},
 editor = {Floudas, Christodoulos A. and Pardalos, Panos M.},
 booktitle = {Encyclopedia of Optimization},
 year = {2009},
 address = {Boston, MA},
 doi = {10.1007/978-0-387-74759-0{\textunderscore }488}
}


@article{Christ.2021,
 author = {Christ, Fabian and Wischnewski, Alexander and Heilmeier, Alexander and Lohmann, Boris},
 year = {2021},
 title = {Time-optimal trajectory planning for a race car considering variable tyre-road friction coefficients},
 pages = {588--612},
 volume = {59},
 number = {4},
 issn = {0042-3114},
 journal = {Vehicle System Dynamics},
 doi = {10.1080/00423114.2019.1704804}
}


@book{Coleman.1973,
 author = {Stetter, Hans J. and Coleman, B. D. and Antman, S. S. and Aris, R. and Collatz, L. and Ericksen, J. L. and Germain, P. and Gurtin, M. E. and Truesdell, C.},
 year = {1973},
 title = {Analysis of Discretization Methods for Ordinary Differential Equations},
 address = {Berlin, Heidelberg},
 volume = {23},
 publisher = {{Springer Berlin Heidelberg}},
 isbn = {978-3-642-65473-2},
 doi = {10.1007/978-3-642-65471-8}
}


@article{Dovgan.2013,
 author = {Dovgan, E. and Javorski, M. and Tu{\v{s}}ar, T. and Gams, M. and Filipi{\v{c}}, B.},
 year = {2013},
 title = {Comparing a multiobjective optimization algorithm for discovering driving strategies with humans},
 pages = {2687--2695},
 volume = {40},
 number = {7},
 issn = {09574174},
 journal = {Expert Systems with Applications},
 doi = {10.1016/j.eswa.2012.11.006}
}


@incollection{Dragon.2008,
 author = {Dragon, Ludger},
 title = {Fahrzeugdynamik: Wohin fahren wir?},
 pages = {239--260},
 publisher = {{Springer Berlin Heidelberg}},
 isbn = {978-3-540-74150-3},
 series = {SpringerLink B{\"u}cher},
 booktitle = {Forschung f{\"u}r das Auto von Morgen},
 year = {2008},
 address = {Berlin, Heidelberg}
}


@article{Elbanhawi.2015,
 author = {Elbanhawi, Mohamed and Simic, Milan and Jazar, Reza},
 year = {2015},
 title = {In the Passenger Seat: Investigating Ride Comfort Measures in Autonomous Cars},
 pages = {4--17},
 volume = {7},
 number = {3},
 issn = {1939-1390},
 journal = {IEEE Intelligent Transportation Systems Magazine},
 doi = {10.1109/MITS.2015.2405571}
}


@phdthesis{Festner.2019,
 abstract = {Die Weiterentwicklung aktueller teilautomatisierter Fahrerassistenzsysteme (SAE Level 2) hin zu automatisiertem Fahren (AF, SAE Level 3-5) stellt derzeit den bedeutendsten Entwicklungstrend in der Automobilbranche dar. Getrieben durch die Ziele wachsender Sicherheit und erheblicher Komfortsteigerungen durch die Abwendung vom Verkehrsgeschehen, kann der Kundennutzen durch die Einf{\"u}hrung hochautomatisierter Fahrfunktionen revolutioniert werden. Durch die zeitweise vollst{\"a}ndige {\"U}bernahme der Fahraufgabe durch das System, wird dem Nutzer die M{\"o}glichkeit er{\"o}ffnet, sich w{\"a}hrend der Fahrt {\"u}ber einen l{\"a}ngeren Zeitraum fahrfremden T{\"a}tigkeiten zu widmen. Darunter fallen beispielsweise das Lesen und Verfassen von E-Mails oder das Ansehen eines Filmes auf dem Fahrersitz sowie weitere T{\"a}tigkeiten, die eine dauerhafte Bereitschaft zur {\"U}bernahme der Fahraufgabe in Folge einer systemseitigen Aufforderung zulassen. Daf{\"u}r wird ein hohes Ma{\ss} an Vertrauen in die Technik vorausgesetzt, das wiederum die Grundlage f{\"u}r die Ausbildung eines hohen Akzeptanzniveaus gegen{\"u}ber AF-Funktionalit{\"a}ten darstellt, ohne welche die Nutzungsintention stark eingeschr{\"a}nkt w{\"a}re. 

Neben anderen Faktoren, wie der Innenraumgestaltung oder dem nutzbaren Entertainmentangebot, {\"u}bt hierbei vor allem der wahrnehmbare Fahrstil einen entscheidenden Einfluss auf die Kundenwertigkeit aus. Durch eine aus Kundensicht stimmige Auspr{\"a}gung, einerseits der fahrstrategischen Komponente des Fahrstils, andererseits der Dynamikauspr{\"a}gung einzelner Man{\"o}ver, kann diese gezielt gesteigert werden. Im Fokus dieser Arbeit steht vor allem der Einfluss auf die Komfort- und Sicherheitswahrnehmung, durch den f{\"u}r Nutzer von AF-Systemen {\"u}berwiegend zu erwartenden Fahrerzustand der Abwendung von der Fahraufgabe durch fahrfremde T{\"a}tigkeiten. Zum einen konnte eine Methodik zur Erhebung des empfundenen Komfortlevels w{\"a}hrend einer l{\"a}ngeren hochautomatisierten Autobahnfahrt im {\"o}ffentlichen Stra{\ss}enverkehr {\"u}ber einen Diskomfort-Handdr{\"u}cker f{\"u}r geringe und mittlere Abwendungsgrade validiert werden. Neben der Auflistung potenzieller Einflussfaktoren aus den drei Bereichen Fahrer, Fahrzeug und Umfeld, wurde das Verst{\"a}ndnis f{\"u}r relevante Dynamik-Performancefaktoren beispielshaft anhand der L{\"a}ngsdynamik einer Verz{\"o}gerung geschaffen.

Zum anderen wurden Erkenntnisse zur Komfort- und Sicherheitswahrnehmung hinsichtlich eines hochautomatisierten Fahrstils bei zeitgleicher Besch{\"a}ftigung mit fahrfremden T{\"a}tigkeiten experimentell gewonnen. Entsprechend den Vor- und Nachteilen verschiedener Versuchsumgebungen, wurden zuerst zwei konfirmatorische Studien auf dem Versuchsgel{\"a}nde zur Einflussanalyse des Abwendungsgrades durch fahrfremde T{\"a}tigkeiten durchgef{\"u}hrt. Hierf{\"u}r wurden die beiden im Autobahnverkehr relevanten Use-Cases einer Verz{\"o}gerung auf ein langsameres Vorderfahrzeug sowie eines Fahrstreifenwechsels im Rahmen eines {\"U}berholvorgangs herangezogen. Auch wenn der negative Einfluss einer h{\"o}heren Dynamikauspr{\"a}gung auf das Komforterlebnis {\"u}ber alle T{\"a}tigkeiten hinweg nachgewiesen werden konnte, stellt sich der Einfluss des Abwendungsgrades nicht gleicherma{\ss}en eindeutig dar. In den Ergebnissen zeigen sich allerdings tendenzielle Differenzen in der Komfortwahrnehmung zwischen der Bedingung ohne Abwendung im Vergleich zu den beiden fahrfremden T{\"a}tigkeiten.

Zur Identifikation situationsabh{\"a}ngiger, Diskomfort ausl{\"o}sender Einflussfaktoren sowie der Auswirkung der Dynamikauspr{\"a}gung in Abh{\"a}ngigkeit des Abwendungsgrades wurde dar{\"u}ber hinaus eine explorative Realverkehrsstudie in einem Wizard of Oz-Fahrzeugaufbau umgesetzt. Darauf aufbauend werden Gestaltungsempfehlungen zur Auslegung eines komfortablen, hochautomatisierten Fahrstils in Form von statistikbasierten, Use-Case-abh{\"a}ngigen Dynamikbereichen auf Basis des r{\"u}ckgemeldeten Diskomforts abgeleitet. Die Angabe spezifischer Zielwerte f{\"u}r charakteristische Man{\"o}verdynamikgr{\"o}{\ss}en zur optimalen Auspr{\"a}gung des Fahrverhaltens f{\"u}r bestimmte Use-Cases ist wegen der hohen Subjektivit{\"a}t der menschlichen Komfortwahrnehmung allerdings nicht zweckm{\"a}{\ss}ig. Dennoch wird auf Basis der Studienerkenntnisse ein Vorschlag f{\"u}r eine manuelle Adaptionsm{\"o}glichkeit des Fahrstils gegeben, welcher die Auswirkungen verschiedener Fahrerzust{\"a}nde, induziert durch ungleiche Abwendungsgrade, ber{\"u}cksichtigt. Entsprechend den aufgedeckten Tendenzen durch die beiden konfirmatorischen Studien, zeigten sich auch bei der retrospektiven Bewertung signifikante Unterschiede hinsichtlich des pr{\"a}ferierten Dynamikniveaus f{\"u}r verschiedene Abwendungsgrade. Dies unterstreicht die erkannte Abweichung der pr{\"a}ferierten Dynamikauspr{\"a}gung im Vergleich zur Akzeptanz bez{\"u}glich des tats{\"a}chlich erlebten Fahrstils.

The progressive development of current partial automated driver assistance systems (SAE level 2) towards automated driving (AD, SAE level 3/4) represents the most significant trend in the automotive industry at present. Driven by the goal of growing safety and substantial increase in comfort by turning away from traffic events, the customer benefit can be revolutionized with the introduction of this innovation. Due to the temporary complete takeover of the driving task by the system, the user is opened up the new possibility of dedicating oneself to a non-driving related task during driving. For instance, this includes the reading and writing of E-Mails or watching a movie on the driver's seat as well as other tasks allowing the permanent readiness for a takeover of the driving task. For this purpose, a high degree of trust in automation is presumed which builds the basis for creating a high level of acceptance for AD systems in order not to restrict the intention to use.

Besides other features as the interior design or various entertainment offerings, especially the steady perceivable driving style exerts a decisive influence on the customer value in particular. From the customer's point of view, this can be improved by using an adequate characteristic of the driving strategic component on the one hand, and the dynamic characteristics of individual maneuvers on the other hand. This work concentrates on the influence on the safety and comfort perception of the expected state of users of AD functions being averted from the driving task because of non-driving related activities.First, a method to survey the perceived level of comfort during a longer highly automated journey on the public highway was validated for lower and middle levels of distraction. On top of the listing of potential influence parameters in the fields of driver, vehicle and environment, the understanding for relevant dynamic performance factors was created by example of longitudinal dynamics of a deceleration.

Based on the assets and drawbacks of different experimental environments, two confirmatory studies on the proving ground were conducted in order to analyze the influence of the level of distraction by non-driving related activities. Therefore, the two relevant scenarios in highway traffic of a deceleration on a slower leading vehicle and a lane change during an overtaking maneuver were used. Although the negative impact of a higher dynamic characteristics on the comfort experience could be verified for all activities, the influence of the degree of distraction is not such equally unambiguous. The results tend to show divergences regarding the comfort perception between the conditions without distraction from the surrounding traffic events in comparison with the two non-driving related activities with averting from the driving task.

For identification of situational and discomfort triggering influence factors, as well as the impact of the dynamic characteristics depending on the degree of diversion from the driving task, furthermore, an explorative study based on a Wizard of Oz vehicle was carried out. Based on this, varying design recommendations for the characteristics of a comfortable, highly automated driving style in the form of statistic based, use case dependent dynamic ranges basing on the discomfort feedback were deduced. The specification of target figures for distinctive values for ideal dynamic characteristics of the driving behavior for specific use cases, however, is not appropriate as a result of the high degree of subjectivity of human comfort perception. Nevertheless, a proposal for a manual adaptability of the driving style is given premised on the findings of the studies to take into account different driver states induced by differing levels of diversion.},
 author = {Festner, Michael},
 year = {2019},
 title = {Objektivierte Bewertung des Fahrstils auf Basis der Komfortwahrnehmung bei hochautomatisiertem Fahren in Abh{\"a}ngigkeit fahrfremder T{\"a}tigkeiten: Grundlegende Zusammenh{\"a}nge zur komfortorientierten Auslegung eines hochautomatisierten Fahrstils},
 school = {{DuEPublico: Duisburg-Essen Publications online, University of Duisburg-Essen, Germany}},
 doi = {10.17185/duepublico/70681}
}


@book{Floudas.2009,
 author = {Floudas, Christodoulos A. and Pardalos, Panos M.},
 year = {2009},
 title = {Encyclopedia of Optimization},
 address = {Boston, MA},
 publisher = {{Springer US}},
 isbn = {978-0-387-74758-3},
 doi = {10.1007/978-0-387-74759-0}
}


@book{Floudas.2009b,
 year = {2009},
 title = {Encyclopedia of Optimization},
 address = {Boston, MA},
 publisher = {{Springer US}},
 isbn = {978-0-387-74758-3},
 editor = {Floudas, Christodoulos A. and Pardalos, Panos M.},
 doi = {10.1007/978-0-387-74759-0}
}


@book{Follinger.1994,
 abstract = {Die Strukturoptimierung dynamischer Systeme als Variationsproblem - Allgemeine L{\"o}sung des Optimierungsproblems - Optimierung linearer Systeme mit quadratischem G{\"u}tema{\ss} - Das Maximumprinzip von Pontrjagin - Entwurf zeitoptimaler Systeme - Weitere Anwendungen des Maximumprinzips - Die dynamische Programmierung von Bellmann - {\"U}bungsaufgaben mit L{\"o}sungen.



Review text: {\textquotedbl}Der theoretische Anspruch wird didaktisch und methodisch hervorragend bearbeitet.{\textquotedbl} Prof. Dr.-Ing. K.-D. Morgeneier, FH Jena {\textquotedbl}Neue Auflage des Klassikers.{\textquotedbl} Prof. Dr.-Ing. Serge Zacher, Fachhochschule Wiesbaden},
 author = {F{\"o}llinger, Otto},
 year = {1994},
 title = {Optimale Regelung und Steuerung},
 url = {http://dx.doi.org/10.1515/9783486787306},
 address = {M{\"u}nchen},
 edition = {3., verb. Aufl. Reprint 2014},
 publisher = {{De Gruyter}},
 isbn = {3-486-23116-2},
 series = {Methoden der Regelungs- und Automatisierungstechnik},
 doi = {10.1515/9783486787306},
 file = {https://www.degruyter.com/doc/cover/9783486787306.jpg}
}


@book{Follinger.1998,
 abstract = {In anwendungsnaher Darstellung werden die nichtlinearen Begriffsbildungen und Methoden anschaulich und mit geringem mathematischen Aufwand vorgestellt.},
 author = {F{\"o}llinger, Otto},
 year = {1998},
 title = {Nichtlineare Regelungen I: Grundbegriffe, Anwendungen der Zustandsebene, Direkte Methode},
 url = {http://dx.doi.org/10.1524/9783110406153},
 address = {Berlin},
 edition = {8. verb. Aufl.},
 publisher = {{De Gruyter Oldenbourg}},
 isbn = {3-486-24527-9},
 series = {Methoden der Regelungs- und Automatisierungstechnik},
 doi = {10.1524/9783110406153},
 file = {https://www.degruyter.com/doc/cover/9783110406153.jpg}
}


@book{ForschungsgesellschaftfurStraenundVerkehrswesen.2008,
 year = {2008},
 title = {Richtlinien f{\"u}r die Anlage von Autobahnen: RAA: {\"U}bersetzung 2011},
 address = {K{\"o}ln},
 edition = {Ausgabe 2008},
 volume = {202},
 publisher = {FGSV-Verl.},
 isbn = {978-3-939715-51-1},
 series = {FGSV R1 - Regelwerke},
 institution = {{Forschungsgesellschaft f{\"u}r Stra{\ss}en- und Verkehrswesen}}
}


@incollection{Gayko.2012,
 author = {Gayko, Jens},
 title = {Lane Keeping Support},
 pages = {554--561},
 publisher = {{Vieweg+Teubner Verlag}},
 isbn = {978-3-8348-1457-9},
 editor = {Winner, Hermann and Hakuli, Stephan and Wolf, Gabriele},
 booktitle = {Handbuch Fahrerassistenzsysteme},
 year = {2012},
 address = {Wiesbaden},
 doi = {10.1007/978-3-8348-8619-4{\textunderscore }36}
}


@book{Gerdts.2010,
 author = {Gerdts, Matthias},
 year = {2010},
 title = {Optimale Steuerung: Skript - Wintersemester 2009/2010},
 institution = {{Institut f{\"u}r Mathematik, Universit{\"a}t W{\"u}rzburg}}
}


@article{Gianna.1996,
 author = {Gianna, C. and Heimbrand, S. and Gresty, M.},
 year = {1996},
 title = {Thresholds for detection of motion direction during passive lateral whole-body acceleration in normal subjects and patients with bilateral loss of labyrinthine function},
 pages = {443--447},
 volume = {40},
 number = {5-6},
 issn = {03619230},
 journal = {Brain Research Bulletin},
 doi = {10.1016/0361-9230(96)00140-2}
}


@article{Golding.2006,
 abstract = {Motion sickness can be caused by a variety of motion environments (e.g., cars, boats, planes, tilting trains, funfair rides, space, virtual reality) and given a sufficiently provocative motion stimulus almost anyone with a functioning vestibular system can be made motion sick. Current hypotheses of the 'Why?' of motion sickness are still under investigation, the two most important being 'toxin detector' and the 'vestibular-cardiovascular reflex'. By contrast, the 'How?' of motion sickness is better understood in terms of mechanisms (e.g., 'sensory conflict' or similar) and stimulus properties (e.g., acceleration, frequency, duration, visual-vestibular time-lag). Factors governing motion sickness susceptibility may be divided broadly into two groups: (i) those related to the stimulus (motion type and provocative property of stimulus); and (ii) those related to the individual person (habituation or sensitisation, individual differences, protective behaviours, administration of anti-motion sickness drugs). The aim of this paper is to review some of the more important factors governing motion sickness susceptibility, with an emphasis on the personal rather than physical stimulus factors.},
 author = {Golding, John F.},
 year = {2006},
 title = {Motion sickness susceptibility},
 pages = {67--76},
 volume = {129},
 number = {1-2},
 issn = {1566-0702},
 journal = {Autonomic neuroscience : basic {\&} clinical},
 doi = {10.1016/j.autneu.2006.07.019},
 file = {http://www.ncbi.nlm.nih.gov/pubmed/16931173}
}


@article{Guo.2018,
 author = {Guo, Hongyan and Shen, Chen and Zhang, Hui and Chen, Hong and Jia, Rui},
 year = {2018},
 title = {Simultaneous Trajectory Planning and Tracking Using an MPC Method for Cyber-Physical Systems: A Case Study of Obstacle Avoidance for an Intelligent Vehicle},
 pages = {4273--4283},
 volume = {14},
 number = {9},
 issn = {1551-3203},
 journal = {IEEE Transactions on Industrial Informatics},
 doi = {10.1109/TII.2018.2815531}
}


@incollection{Hiroaki.1995,
 author = {Hiroaki, S.},
 title = {Ability to withstand sudden braking},
 pages = {18--21},
 volume = {52},
 booktitle = {Railw Res Rev},
 year = {1995}
}


@inproceedings{Hugemann.2003,
 author = {{Hugemann, Wolfgang and Nickel, Markus}},
 title = {Longitudinal and lateral accelerations in normal day driving},
 editor = {{Institute of Traffic Accident Investigators International Conference}},
 booktitle = {6th International Conference on Accident Investigation, Reconstruction, Interpretation and Law, Stratford-upon-Avon, 26-29 September 2003 / Institute of Traffic Accident Investigators.},
 year = {2003}
}


@book{Hutchison.2005,
 year = {2005},
 title = {Computational Science -- ICCS 2005},
 address = {Berlin, Heidelberg},
 publisher = {{Springer Berlin Heidelberg}},
 isbn = {978-3-540-26044-8},
 series = {Lecture Notes in Computer Science},
 editor = {Hutchison, David and Kanade, Takeo and Kittler, Josef and Kleinberg, Jon M. and Mattern, Friedemann and Mitchell, John C. and Naor, Moni and Nierstrasz, Oscar and {Pandu Rangan}, C. and Steffen, Bernhard and Sudan, Madhu and Terzopoulos, Demetri and Tygar, Dough and Vardi, Moshe Y. and Weikum, Gerhard and Sunderam, Vaidy S. and {van Albada}, Geert Dick and Sloot, Peter M. A. and Dongarra, Jack},
 doi = {10.1007/b136575}
}


@misc{ISO.15622,
 year = {2018-09},
 title = {ISO 15622:2018: Intelligent transport systems --- Adaptive cruise control systems --- Performance requirements and test procedures},
 volume = {03.220.20 Road transport;~35.240.60 IT applications in transport},
 author = {{Technical Committee : ISO/TC 204 Intelligent transport systems}}
}


@misc{ISO.22179,
 year = {2009-09},
 title = {ISO 22179:2009: Intelligent transport systems --- Full speed range adaptive cruise control (FSRA) systems --- Performance requirements and test procedures},
 volume = {43.040.15 Car informatics. On board computer systems},
 author = {{Technical Committee : ISO/TC 204 Intelligent transport systems}}
}


@misc{ISO.2631,
 year = {1997-05},
 title = {ISO 2631-1:1997: Mechanical vibration and shock --- Evaluation of human exposure to whole-body vibration --- Part 1: General requirements},
 volume = {13.160 Vibration and shock with respect to human beings},
 author = {{Technical Committee : ISO/TC 108/SC 4 Human exposure to mechanical vibration and shock}}
}


@inproceedings{Kamiji.17.09.200720.09.2007,
 author = {Kamiji, Norimasa and Kurata, Yoshinori and Wada, Takahiro and Doi, Shun'ichi},
 title = {Modeling and validation of carsickness mechanism},
 pages = {1138--1143},
 publisher = {IEEE},
 isbn = {978-4-907764-27-2},
 booktitle = {SICE Annual Conference 2007},
 year = {17.09.2007 - 20.09.2007},
 doi = {10.1109/SICE.2007.4421156},
 file = {http://ieeexplore.ieee.org/document/4421156}
}


@article{Kierzenka.2001,
 author = {Kierzenka, Jacek and Shampine, Lawrence F.},
 year = {2001},
 title = {A BVP solver based on residual control and the Maltab PSE},
 pages = {299--316},
 volume = {27},
 number = {3},
 issn = {0098-3500},
 journal = {ACM Transactions on Mathematical Software},
 doi = {10.1145/502800.502801}
}


@book{KnutGraichen.2012,
 author = {{Knut Graichen}},
 year = {2012},
 title = {Methoden der Optimierung und optimalen Steuerung: Skript - Wintersemester 2012/2013},
 institution = {{Institut f{\"u}r Mess-, Regel- und Mikrotechnik, Universit{\"a}t Ulm}}
}


@book{Konigorski.2019,
 author = {Konigorski, Ulrich},
 year = {2019},
 title = {Mehrgr{\"o}{\ss}enreglerentwurf im Zustandsraum: Skript - Wintersemester 2019/2020},
 institution = {{Institut f{\"u}r Automatisierungstechnik und Mechatronik, Technische Universit{\"a}t Darmstadt}}
}


@article{Krause.2002,
 author = {Krause, Ralf},
 year = {2002},
 title = {Anfahrbeschleunigungen im allt{\"a}glichen Stra{\ss}enverkehr},
 pages = {105--108},
 number = {4},
 journal = {Verkehrsunfall und Fahrzeugtechnik 40}
}


@article{Lackner.2014,
 abstract = {Motion sickness is a complex syndrome that includes many features besides nausea and vomiting. This review describes some of these factors and points out that under normal circumstances, many cases of motion sickness go unrecognized. Motion sickness can occur during exposure to physical motion, visual motion, and virtual motion, and only those without a functioning vestibular system are fully immune. The range of vulnerability in the normal population varies about 10,000 to 1. Sleep deprivation can also enhance susceptibility. Systematic studies conducted in parabolic flight have identified velocity storage of semicircular canal signals-velocity integration-as being a key factor in both space motion sickness and terrestrial motion sickness. Adaptation procedures that have been developed to increase resistance to motion sickness reduce this time constant. A fully adequate theory of motion sickness is not presently available. Limitations of two popular theories, the evolutionary and the ecological, are described. A sensory conflict theory can explain many but not all aspects of motion sickness elicitation. However, extending the theory to include conflicts related to visceral afferent feedback elicited by voluntary and passive body motion greatly expands its explanatory range. Future goals should include determining why some conflicts are provocative and others are not but instead lead to perceptual reinterpretations of ongoing body motion. The contribution of visceral afferents in relation to vestibular and cerebellar signals in evoking sickness also deserves further exploration. Substantial progress is being made in identifying the physiological mechanisms underlying the evocation of nausea, vomiting, and anxiety, and a comprehensive understanding of motion sickness may soon be attainable. Adequate anti-motion sickness drugs without adverse side effects are not yet available.},
 author = {Lackner, James R.},
 year = {2014},
 title = {Motion sickness: more than nausea and vomiting},
 pages = {2493--2510},
 volume = {232},
 number = {8},
 journal = {Experimental brain research},
 doi = {10.1007/s00221-014-4008-8},
 file = {http://www.ncbi.nlm.nih.gov/pubmed/24961738},
 file = {https://www.ncbi.nlm.nih.gov/pmc/articles/PMC4112051}
}


@incollection{Lange.,
 author = {Lange, A. and Maas, M. and Albert, M. and Siedersberger, K.-H. and Bengler, Klaus},
 title = {Automatisiertes Fahren - So komfortabel wie m{\"o}glich, so dynamisch wie n{\"o}tig}
}


@incollection{Lange.2014,
 author = {Lange, A. and Maas, M. and Albert, M. and Siedersberger, K.-H. and Bengler, Klaus},
 title = {Automatisiertes Fahren - So komfortabel wie m{\"o}glich, so dynamisch wie n{\"o}tig},
 pages = {215--228},
 publisher = {VDI-Verl.},
 isbn = {978-3-18-092223-2},
 series = {VDI-Berichte},
 booktitle = {30. VDI/VW-Gemeinschaftstagung. Fahrerassistenz und Integrierte Sicherheit},
 year = {2014},
 address = {D{\"u}sseldorf}
}


@inproceedings{Lee.2019,
 author = {Lee, Jooyong and Kockelman, Kara M.},
 title = {Energy implications of self-driving vehicles},
 editor = {{The Transportation Research Board}},
 booktitle = {98th Annual Meeting of the Transportation Research Board in Washington, DC},
 year = {2019}
}


@incollection{Liu.2005,
 author = {Liu, Yanfei and Wu, Zhaohui},
 title = {Comfortable Driver Behavior Modeling for Car Following of Pervasive Computing Environment},
 pages = {1068--1071},
 volume = {3516},
 publisher = {{Springer Berlin Heidelberg}},
 isbn = {978-3-540-26044-8},
 series = {Lecture Notes in Computer Science},
 editor = {Hutchison, David and Kanade, Takeo and Kittler, Josef and Kleinberg, Jon M. and Mattern, Friedemann and Mitchell, John C. and Naor, Moni and Nierstrasz, Oscar and {Pandu Rangan}, C. and Steffen, Bernhard and Sudan, Madhu and Terzopoulos, Demetri and Tygar, Dough and Vardi, Moshe Y. and Weikum, Gerhard and Sunderam, Vaidy S. and {van Albada}, Geert Dick and Sloot, Peter M. A. and Dongarra, Jack},
 booktitle = {Computational Science -- ICCS 2005},
 year = {2005},
 address = {Berlin, Heidelberg},
 doi = {10.1007/11428862{\textunderscore }174}
}


@book{Meyers.2020,
 year = {2020},
 title = {Encyclopedia of Sustainability Science and Technology},
 address = {New York, NY},
 publisher = {{Springer New York}},
 isbn = {978-1-4939-2493-6},
 editor = {Meyers, Robert A.},
 doi = {10.1007/978-1-4939-2493-6}
}


@misc{MichaelKrail.2019,
 author = {{Michael Krail} and {Jens Hellekes} and {Uta Schneider} and {Elisabeth D{\"u}tschke} and {Fraunhofer Iml} and {Maximilian Schellert} and {David R{\"u}diger} and {Alina Steindl} and {Inga Luchmann} and {Volker Wa{\ss}muth} and {Wolfgang Schade} and {S. Mader} and {Heike Fl{\"a}mig} and M-Five},
 date = {2019},
 title = {Energie- und Treibhausgaswirkungen des automatisierten und vernetzten Fahrens im Stra{\ss}enverkehr},
 publisher = {{Fraunhofer Institute for Systems and Innovation Research ISI}},
 doi = {10.13140/RG.2.2.22936.44808}
}


@book{ModSim,
 author = {Konigorski, Ulrich},
 year = {2020},
 title = {Modellbildung und Simulation: Skript - Sommersemester 2020},
 institution = {{Institut f{\"u}r Automatisierungstechnik und Mechatronik, Technische Universit{\"a}t Darmstadt}}
}


@article{Money.1970,
 author = {Money, K. E.},
 year = {1970},
 title = {Motion sickness},
 pages = {1--39},
 volume = {50},
 number = {1},
 issn = {0031-9333},
 journal = {Physiological reviews},
 doi = {10.1152/physrev.1970.50.1.1},
 file = {http://www.ncbi.nlm.nih.gov/pubmed/4904269}
}


@inproceedings{Murphey.30.03.200902.04.2009,
 author = {Murphey, Yi Lu and Milton, Robert and Kiliaris, Leonidas},
 title = {Driver's style classification using jerk analysis},
 pages = {23--28},
 publisher = {IEEE},
 isbn = {978-1-4244-2770-3},
 booktitle = {2009 IEEE Workshop on Computational Intelligence in Vehicles and Vehicular Systems},
 year = {30.03.2009 - 02.04.2009},
 doi = {10.1109/CIVVS.2009.4938719},
 file = {https://ieeexplore.ieee.org/document/4938719}
}


@article{Oborne.1978,
 author = {Oborne, D. J.},
 year = {1978},
 title = {Passenger comfort --- an overview},
 pages = {131--136},
 volume = {9},
 number = {3},
 issn = {00036870},
 journal = {Applied Ergonomics},
 doi = {10.1016/0003-6870(78)90002-9}
}


@article{OHanlon.1974,
 author = {O'Hanlon, James and McCauley, Michael},
 year = {1974},
 title = {Motion Sickness Incidence as a Function of Vertical Sinusoidal Motion},
 pages = {366--369},
 volume = {45},
 journal = {Aerospace medicine}
}


@book{Oschlies.2019,
 abstract = {Intro -- Vorwort -- Inhaltsverzeichnis -- Abbildungsverzeichnis -- Tabellenverzeichnis -- Abk{\"u}rzungsverzeichnis -- Symbolverzeichnis -- 1 Einleitung -- 1.1 Motivation und Zielsetzung der Arbeit -- 1.2 Aufbau der Arbeit -- 2 Stand der Technik -- 2.1 Serien-Spurhaltesysteme -- 2.2 Regelsysteme f{\"u}r Fahrerassistenzsysteme -- 2.2.1 Ans{\"a}tze basierend auf PID-Reglern -- 2.2.2 Ans{\"a}tze basierend auf Zustandsreglern -- 2.2.3 Ans{\"a}tze basierend auf modellpr{\"a}diktiver Regelung -- 2.3 Benchmarkuntersuchungen -- 3 Theoretische Grundlagen -- 3.1 Objektivierungsmethodik -- 3.1.1 Statistische Datenaufbereitung -- 3.1.2 Korrelationsanalyse -- 3.1.3 Regressionsanalyse -- 3.2 Regelungstechnische Grundlagen -- 3.2.1 Konventionelle Regelungsstrategien -- 3.2.2 Zustandsregelung -- 3.2.3 Modellpr{\"a}diktive Regelung -- 3.2.4 K{\"u}nstliche Intelligenz -- 4 Konzeptbeschreibung -- 4.1 Methodisches Vorgehen -- 4.2 Virtuelle Applikation einer assistierten Querf{\"u}hrung -- 5 Untersuchung zum Nutzererleben bei einer assistierten Querf{\"u}hrung -- 5.1 Erhebung objektiver Daten -- 5.1.1 Versuchstr{\"a}ger -- 5.1.2 Versuchsequipment -- 5.1.3 Reglerapplikation -- 5.1.4 Versuchsstrecke -- 5.2 Erhebung subjektiver Daten -- 5.2.1 Randbedingungen und G{\"u}ltigkeit -- 5.2.2 Fragebogendesign und Bewertungskriterien -- 5.2.3 Versuchsdurchf{\"u}hrung -- 5.2.4 Probandenauswahl -- 6 Analyse des bevorzugten assistierten Fahrstils -- 6.1 Ergebnisse der Probandenstudie -- 6.1.1 Auswertung des soziodemographischen Fragebogens -- 6.1.2 Auswertung des Paarvergleiches -- 6.2 Definition von Kennparametern -- 6.2.1 Allgemeine Kennparameter -- 6.2.2 Kennparameter zur Spurmittenabweichung -- 6.3 Objektivierung des Nutzererlebens bei einer assistierten Querf{\"u}hrung -- 6.3.1 Darstellung der Subjektivnoten -- 6.3.2 Ergebnisse der Korrelationsanalyse -- 6.3.3 Ergebnisse der Faktorenanalyse.},
 author = {Oschlies, Hendrik},
 year = {2019},
 title = {Komfortorientierte Regelung f{\"u}r die automatisierte Fahrzeugquerf{\"u}hrung},
 url = {https://ebookcentral.proquest.com/lib/kxp/detail.action?docID=5640099},
 address = {Wiesbaden, Germany},
 volume = {v.136},
 publisher = {Springer},
 isbn = {978-3-658-25235-9},
 series = {AutoUni - Schriftenreihe Ser}
}


@book{Papageorgiou.2012,
 author = {Papageorgiou, Markos and Leibold, Marion and Buss, Martin},
 year = {2012},
 title = {Optimierung},
 address = {Berlin, Heidelberg},
 publisher = {{Springer Berlin Heidelberg}},
 isbn = {978-3-540-34012-6},
 doi = {10.1007/978-3-540-34013-3}
}


@article{Powell.2015,
 author = {Powell, J. P. and Palac{\'i}n, R.},
 year = {2015},
 title = {Passenger Stability Within Moving Railway Vehicles: Limits on Maximum Longitudinal Acceleration},
 pages = {95--103},
 volume = {1},
 number = {2},
 issn = {2199-6687},
 journal = {Urban Rail Transit},
 doi = {10.1007/s40864-015-0012-y}
}


@book{Radke.2013,
 abstract = {The present work deals with energy-optimal longitudinal vehicle control, which incorporates predictively known route data to realise a maximally fuel-efficient driving strategy while comprising the drivers demand. To solve this optimisation problem, a resource-efficient algorithm is developed and implemented within a prototypical embedded driver assistance system for automated longitudinal control. The system achieves fuel savings of approximately 10{\%}},
 author = {Radke, Tobias},
 year = {2013},
 title = {Energieoptimale L{\"a}ngsf{\"u}hrung von Kraftfahrzeugen durch Einsatz vorausschauender Fahrstrategien},
 url = {https://directory.doabooks.org/handle/20.500.12854/46364},
 address = {Erscheinungsort nicht ermittelbar},
 publisher = {{KIT Scientific Publishing}},
 isbn = {978-3-7315-0069-8}
}


@misc{Rathgeber.2016,
 abstract = {Automatisierte Fahrfunktionen halten im modernen Fahrzeug zunehmend Einzug und {\"u}bernehmen immer gr{\"o}{\ss}ere Wirkbereiche. Dabei ist die Bewegungsplanung und --umsetzung neben der Umfelderfassung ein wichtiger Bestandteil.

Die zu beherrschenden Fahrman{\"o}ver stellen gro{\ss}e Anspr{\"u}che an die Methoden zur Steuerung, Beobachtung und Regelung und die regelungstechnische Behandlung gewinnt so zunehmend an Bedeutung. Im Stand der Technik haben sich zur Behandlung dieser Probleme insbesondere trajektorienbasierte Verfahren als zielf{\"u}hrend erwiesen, da damit dem zeitver{\"a}nderlichen Verhalten der Strecke und der Fahrzeugumgebung Rechnung getragen werden kann.

Ausgehend von dieser Erkenntnis wird in der Arbeit ein ganzheitliches Konzept zur Trajektorienplanung und -folgeregelung vorgestellt. Um unterschiedlichste Fahrfunktionen (von Komfort- bis Sicherheitsfunktionen) bedienen zu k{\"o}nnen, ist es notwendig die F{\"u}hrungs- und St{\"o}rdynamik des Fahrzeugverhaltens zu entkoppeln. Aus diesem Grund wird auf die bew{\"a}hrte Zwei-Freiheitsgrade-Struktur zur{\"u}ckgegriffen. Mittels einer Trajektorienplanung wird das F{\"u}hrungs{\"u}bertragungsverhalten des Systems definiert. Eine unterlagerte Trajektorienfolgeregelung {\"u}bernimmt die St{\"o}runterdr{\"u}ckung und sichert die Umsetzung der geplanten Trajektorie.

Zur Realisierung auf einem heutigen Seriensteuerger{\"a}t mit der verbundenen begrenzten Rechenkapazit{\"a}t wird die Planung in zwei Teilprobleme unterteilt: Eine {\"u}berlagerte Grobplanung gibt den Zielbereich des zu fahrenden Man{\"o}vers vor, w{\"a}hrend innerhalb einer lokalen Planung basierend auf den Prinzipien der Optimalsteuerung in Echtzeit optimale Solltrajektorien berechnet werden, die die jeweiligen fahrdynamischen Begrenzungen sowie umliegende Objekte ber{\"u}cksichtigen.

Die geplante Trajektorie wird von einer Trajektorienfolgeregelung robust gegen{\"u}ber {\"a}u{\ss}eren St{\"o}rungen stabilisiert. Dabei wird auf die Methoden der robusten Regelung zur{\"u}ckgegriffen, um den gesamten Betriebsbereich des Fahrzeugs abdecken zu k{\"o}nnen.

Die Leistungsf{\"a}higkeit des Gesamtsystems wird prototypisch anhand eines Versuchsfahrzeugs in realit{\"a}tsnahen Szenarien unter Beweis gestellt.

Automated driving functions are getting more and more important. Thereby the motion planning and control are the main components alongside the environment recognition. The driving maneuvers that have to be handled make great demands on the control methods and therefore the control theoretical examination is gaining importance.

In the state of the art for this class of problems especially trajectory based approaches have proved to be effective. Based on this finding, a holistic approach for trajectory planning and trajectory tracking control is presented in this work. To realize different driving functions (from comfort to safety functions) it is necessary to decouple the command response from disturbance attenuation of the vehicle. For this reason the well-known two degrees of freedom structure is used. With a trajectory planning the command response of the system is defined. An underlying trajectory tracking control is responsible for the realization of the planned movement.

The implementation on a current production ECU with the associated limited computing capacity requires to divide the planning into two subproblems: a semi-global planning defines the target area, while a local trajectory planning based on optimal control theory calculates the exact form of the trajectory. The algorithm is running in real-time and considers the dynamic driving limits of the vehicle and surrounding objects.

The planned trajectory is robustly stabilized against disturbances. In order to cover the entire operating range of the vehicle, the controller is based on the methods of robust control.

The overall system performance is demonstrated prototypically in realistic driving scenarios.},
 author = {Rathgeber, Christian},
 date = {2016},
 title = {Trajektorienplanung und -folgeregelung f{\"u}r assistiertes bis hochautomatisiertes Fahren},
 publisher = {{Technische Universit{\"a}t Berlin}},
 doi = {10.14279/depositonce-5506}
}


@book{Reason.1975,
 author = {Reason, James T. and Reason, James Tootle and Brand, Joseph John},
 year = {1975},
 title = {Motion sickness},
 address = {London},
 publisher = {{Acad. Pr}},
 isbn = {9780125840507}
}


@article{Reymond.2001,
 abstract = {Experimental studies show that automobile drivers adjust their speed in curves so that maximum vehicle lateral accelerations decrease at high speeds. This pattern of lateral accelerations is described by a new driver model, assuming drivers control a variable safety margin of perceived lateral acceleration according to their anticipated steering deviations. Compared with a minimum time-to-lane-crossing (H. Godthelp, 1986) speed modulation strategy, this model, based on nonvisual cues, predicts that extreme values of lateral acceleration in curves decrease quadratically with speed, in accordance with experimental data obtained in a vehicle driven on a test track and in a motion-based driving simulator. Variations of model parameters can characterize {\textquotedbl}normal{\textquotedbl} or {\textquotedbl}fast{\textquotedbl} driving styles on the test track. On the simulator, it was found that the upper limits of lateral acceleration decreased less steeply when the motion cuing system was deactivated, although drivers maintained a consistent driving style. This is interpreted per the model as an underestimation of curvilinear speed due to the lack of inertial stimuli. Actual or potential applications of this research include a method to assess driving simulators as well as to identify driving styles for on-board driver aid systems.},
 author = {Reymond, G. and Kemeny, A. and Droulez, J. and Berthoz, A.},
 year = {2001},
 title = {Role of lateral acceleration in curve driving: driver model and experiments on a real vehicle and a driving simulator},
 pages = {483--495},
 volume = {43},
 number = {3},
 issn = {0018-7208},
 journal = {Human factors},
 doi = {10.1518/001872001775898188},
 file = {http://www.ncbi.nlm.nih.gov/pubmed/11866202}
}


@article{Rolnick.1991,
 abstract = {The central hypothesis of the work is that the dimension of control-no control plays an important role in motion sickness. Although it is generally agreed that having control over a moving vehicle greatly reduces the likelihood of motion sickness, few studies have addressed this issue directly, and the theoretical explanation for this phenomenon is not completely clear. In this study, we equated groups differing in controllability for head movement, vision, activity, and predictability, which have often been suggested in the literature as explanations for the driver's immunity to motion sickness. Twenty-two pairs of yoked subjects were exposed to nauseogenic rotation. One subject of each pair had control over the rotation and head movements, while the other was exposed passively to the same motion stimulus. Subjects who had control reported significantly fewer motion sickness symptoms and less of a decrement in their well-being, as compared to the yoked subject without control. The results are discussed in relation to Reason's sensory rearrangement theory and the concept of feed-forward mechanisms in motion perception.},
 author = {Rolnick, A. and Lubow, R. E.},
 year = {1991},
 title = {Why is the driver rarely motion sick? The role of controllability in motion sickness},
 pages = {867--879},
 volume = {34},
 number = {7},
 issn = {0014-0139},
 journal = {Ergonomics},
 doi = {10.1080/00140139108964831},
 file = {http://www.ncbi.nlm.nih.gov/pubmed/1915252}
}


@misc{SAETaxonomy.2018,
 title = {Taxonomy and Definitions for Terms Related to Driving Automation Systems for On-Road Motor Vehicles},
 address = {400 Commonwealth Drive, Warrendale, PA, United States},
 publisher = {{SAE International}},
 author = {{On-Road Automated Driving (ORAD) committee}},
 doi = {10.4271/j3016{\textunderscore }201806}
}


@inproceedings{Scherer.2015,
 author = {Scherer, Svenja and Dettmann, Andre and Hartwich, Franziska and Pech, Timo and Bullinger-Hoffmann, Angelika and Wanielik, Gerd},
 title = {How the driver wants to be driven -Modelling driving styles in highly automated driving},
 editor = {{T{\"U}V S{\"U}D}},
 booktitle = {7. Tagung Fahrerassistenz},
 year = {2015}
}


@article{Schimmelpfennig.1985,
 author = {Schimmelpfennig, Karl-Heinz and Nackenhorst, Udo},
 year = {1985},
 title = {Bedeutung der Querbeschleunigung in der Verkehrsunfallrekonstruktion - Sicherheitsgrenze des Normalfahrers},
 pages = {94--96},
 number = {4},
 journal = {Verkehrsunfall und Fahrzeugtechnik 23}
}


@book{Schramm.2013,
 author = {Schramm, Dieter and Hiller, Manfred and Bardini, Roberto},
 year = {2013},
 title = {Modellbildung und Simulation der Dynamik von Kraftfahrzeugen},
 address = {Berlin, Heidelberg},
 publisher = {{Springer Berlin Heidelberg}},
 isbn = {978-3-642-33887-8},
 doi = {10.1007/978-3-642-33888-5}
}


@article{Schulz.2008,
 author = {Schulz, Alexandra and Fr{\"o}ming, Robert},
 year = {2008},
 title = {Analyse des Fahrerverhaltens zur Darstellung adaptiver Eingriffs-strategien von Assistenzsystemen},
 pages = {1124--1131},
 volume = {110},
 number = {12},
 issn = {0001-2785},
 journal = {ATZ - Automobiltechnische Zeitschrift},
 doi = {10.1007/BF03222040}
}


@phdthesis{Schwab.2019,
 author = {Schwab, Alexander},
 year = {2019},
 title = {Eine Methode zur Auswahl kritischer Fahrszenarien f{\"u}r automatisierte Fahrzeuge anhand einer objektiven Charakterisierung des Fahrverhaltens},
 address = {M{\"u}nchen},
 publisher = {Fakult{\"a}t f{\"u}r Maschinenwesen},
 school = {{Technische Universit{\"a}t M{\"u}nchen}},
 type = {Masterthesis}
}


@article{Shi.2021,
 author = {Shi, Qing and Zhao, Jin and Kamel, Abdelkader El and Lopez-Juarez, Ismael},
 year = {2021},
 title = {MPC Based Vehicular Trajectory Planning in Structured Environment},
 pages = {21998--22013},
 volume = {9},
 journal = {IEEE Access},
 doi = {10.1109/ACCESS.2021.3052720}
}


@misc{Sivak.2015,
 author = {Sivak, Michael and Schoettle, Brandon},
 date = {2015},
 title = {Motion Sickness in Self-Driving Vehicles},
 institution = {{Transportation Research Institute, The University of Michigan}}
}


@misc{StatistischesBundesamt.2017,
 author = {{Statistisches Bundesamt}},
 date = {2017},
 title = {Unfallentwicklung Unfallentwicklung auf deutschen Strassen 2017},
 url = {https://www.destatis.de/DE/Presse/Pressekonferenzen/2018/Verkehrsunfaelle-2017/pressebroschuere-unfallentwicklung.pdf?__blob=publicationFile},
 editor = {{Statistisches Bundesamt}, Wiesbaden}
}


@misc{StVZO.2012,
 author = {{Bundesministerium f{\"u}r Verkehr, Bau- und Wohnungswesen}},
 title = {Stra{\ss}enverkehrs-Zulassungs-Ordnung: StVZO},
 year = {2012},
 url = {https://www.gesetze-im-internet.de/stvzo_2012/index.html},
 urldate = {07.06.2022}
}


@proceedings{TheInstituteofTrafficAccidentInvestigators.2003,
 year = {2003},
 title = {6th International Conference on Accident Investigation, Reconstruction, Interpretation and Law, Stratford-upon-Avon, 26-29 September 2003 / Institute of Traffic Accident Investigators.},
 editor = {{Institute of Traffic Accident Investigators International Conference}},
 institution = {{The Institute of Traffic Accident Investigators}}
}


@proceedings{TheTransportationResearchBoard.2019,
 year = {2019},
 title = {98th Annual Meeting of the Transportation Research Board in Washington, DC},
 editor = {{The Transportation Research Board}}
}


@article{TSANG.1975,
 author = {TSANG, T. H. and HIMMELBLAU, D. M. and EDGAR, T. F.},
 year = {1975},
 title = {Optimal control via collocation and non-linear programming},
 pages = {763--768},
 volume = {21},
 number = {5},
 issn = {0020-7179},
 journal = {International Journal of Control},
 doi = {10.1080/00207177508922030}
}


@proceedings{TUVSUD.2015,
 year = {2015},
 title = {7. Tagung Fahrerassistenz},
 editor = {{T{\"U}V S{\"U}D}}
}


@book{VDIGesellschaftFahrzeugundVerkehrstechnik.2014,
 year = {2014},
 title = {30. VDI/VW-Gemeinschaftstagung. Fahrerassistenz und Integrierte Sicherheit: Wolfsburg, 14. und 15. Oktober 2014},
 address = {D{\"u}sseldorf},
 edition = {Nichtred. Ms.-Dr},
 volume = {2223},
 publisher = {VDI-Verl.},
 isbn = {978-3-18-092223-2},
 series = {VDI-Berichte},
 file = {http://www.gbv.de/dms/tib-ub-hannover/803238142.pdf}
}


@article{Vogel.1982,
 abstract = {Thirty-eight normal volunteers were tested in an ambulance car while being accelerated in one of the following positions: (1) sitting upright facing forward in the car, (2) lying supine on a stretcher head forward, (3) supine position head backward. Consecutive short period of negative horizontal acceleration (0.7-0.95 g) were achieved by brisk braking manoeuvres of the car, followed by weak reacceleration (0.15 g). Motion sickness symptoms were observed and recorded after each experiment using a special motion sickness scaling index which was weighted according to the strength of any particular symptom. The results indicate that horizontal linear acceleration in a car, such as experienced during multiple breaking manoeuvres, is an effective motion sickness provoking stimulus. Negative X-axis stimulation is more nauseogenic then acceleration in the Z-axis stimulation is more nauseogenic then acceleration in the Z-axis of the body.},
 author = {Vogel, H. and Kohlhaas, R. and von Baumgarten, R. J.},
 year = {1982},
 title = {Dependence of motion sickness in automobiles on the direction of linear acceleration},
 pages = {399--405},
 volume = {48},
 number = {3},
 issn = {0301-5548},
 journal = {European journal of applied physiology and occupational physiology},
 doi = {10.1007/BF00430230},
 file = {http://www.ncbi.nlm.nih.gov/pubmed/7200882}
}


@article{Weiss.1974,
 author = {Weiss, Richard},
 year = {1974},
 title = {The application of implicit Runge-Kutta and collection methods to boundary-value problems},
 pages = {449--464},
 volume = {28},
 number = {126},
 issn = {0901-246X},
 journal = {Mathematics of Computation},
 doi = {10.1090/S0025-5718-1974-0341881-2}
}


@book{Werling.2011,
 abstract = {Durch den Einsatz autonomer Fahrzeuge kann der Stra{\ss}enverkehr effizienter, komfortabler und vor allem sicherer gestaltet werden. Neben der hierf{\"u}r erforderlichen Umfeldwahrnehmung stellen besonders die Bewegungsplanung und -ausf{\"u}hrung zeitkritischer Fahrman{\"o}ver zur Beherrschung von dynamischen Verkehrsszenarien eine gro{\ss}e Herausforderung dar. Herk{\"o}mmliche Verfahren, die trotz trickreicher Modifikationen dieser nicht gewachsen sind, werden konsequent durch trajektorienbasierte Konzepte ersetzt},
 author = {Werling, Moritz},
 year = {2011},
 title = {Ein neues Konzept f{\"u}r die Trajektoriengenerierung und -stabilisierung in zeitkritischen Verkehrsszenarien},
 url = {https://directory.doabooks.org/handle/20.500.12854/45957},
 address = {Erscheinungsort nicht ermittelbar},
 publisher = {{KIT Scientific Publishing}},
 isbn = {978-3-86644-631-1}
}


@book{Winner.2009,
 year = {2009},
 title = {Handbuch Fahrerassistenzsysteme},
 address = {Wiesbaden},
 publisher = {Vieweg+Teubner},
 isbn = {978-3-8348-0287-3},
 editor = {Winner, Hermann and Hakuli, Stephan and Wolf, Gabriele},
 doi = {10.1007/978-3-8348-9977-4}
}


@incollection{Winner.2012,
 author = {Winner, Hermann and Danner, Bernd and Steinle, Joachim},
 title = {Adaptive Cruise Control},
 pages = {478--521},
 publisher = {{Vieweg+Teubner Verlag}},
 isbn = {978-3-8348-1457-9},
 editor = {Winner, Hermann and Hakuli, Stephan and Wolf, Gabriele},
 booktitle = {Handbuch Fahrerassistenzsysteme},
 year = {2012},
 address = {Wiesbaden},
 doi = {10.1007/978-3-8348-8619-4{\textunderscore }33}
}


@book{Winner.2012.Handbuch,
 year = {2012},
 title = {Handbuch Fahrerassistenzsysteme},
 address = {Wiesbaden},
 publisher = {{Vieweg+Teubner Verlag}},
 isbn = {978-3-8348-1457-9},
 editor = {Winner, Hermann and Hakuli, Stephan and Wolf, Gabriele},
 doi = {10.1007/978-3-8348-8619-4}
}


@incollection{WorkshopAssistenzsystemeFestner.2017,
 author = {Festner, Michael and Eicher, Alexandra and Schramm, Dieter},
 title = {Beeinflussung der Komfort- und Sicherheits-wahrnehmung beim hochautomatisierten Fahren durch fahrfremde T{\"a}tigkeiten und Spurwechseldynamik},
 pages = {63--73},
 publisher = {{Uni-DAS e.V}},
 isbn = {978-3-00-055656-2},
 editor = {Bengler, Klaus},
 booktitle = {11. Workshop Fahrerassistenzsysteme und Automatisiertes Fahren},
 year = {2017},
 address = {Darmstadt}
}


@article{Xu.2015,
 author = {Xu, Jin and Yang, Kui and Shao, YiMing and Lu, GongYuan},
 year = {2015},
 title = {An Experimental Study on Lateral Acceleration of Cars in Different Environments in Sichuan, Southwest China},
 pages = {1--16},
 volume = {2015},
 number = {6},
 issn = {1026-0226},
 journal = {Discrete Dynamics in Nature and Society},
 doi = {10.1155/2015/494130}
}


